@Comment @book{ AG81,
@Comment 	author	   = {{G. E. M. Anscombe, P. T. Geach}},
@Comment 	title	   = {{Trzej filozofowie}},
@Comment 	publisher = "Instytut Wydawniczy Pax",
@Comment 	%volume   = "",
